<?xml version="1.0" encoding="UTF-8"?><collection xmlns="http://www.loc.gov/MARC21/slim"><record><leader>00708nam--2200229-u-4500</leader><controlfield tag="001">000053408</controlfield><controlfield tag="002">20161230</controlfield><controlfield tag="005">20161230201051</controlfield><controlfield tag="008">110329s1000------------r-----000-0-eng-d</controlfield><datafield ind1=" " ind2=" " tag="020"><subfield code="a">075372470x</subfield></datafield><datafield ind1=" " ind2=" " tag="040"><subfield code="a">IFIN-HH</subfield></datafield><datafield ind1=" " ind2=" " tag="080"><subfield code="a">530.145:53.06</subfield></datafield><datafield ind1="1" ind2=" " tag="100"><subfield code="a">Greenstein, George</subfield></datafield><datafield ind1="1" ind2="0" tag="245"><subfield code="a">The quantum challenge</subfield><subfield code="b">Modern research on the foundations of quantum mechanics</subfield><subfield code="h">George greenstein; arthur g. zajonc</subfield></datafield><datafield ind1=" " ind2=" " tag="250"><subfield code="a">Second Edition</subfield></datafield><datafield ind1=" " ind2=" " tag="260"><subfield code="a">Boston</subfield><subfield code="b">Jones And Bartlett Publishers</subfield><subfield code="c">2006</subfield></datafield><datafield ind1=" " ind2=" " tag="300"><subfield code="a">300P</subfield></datafield><datafield ind1=" " ind2=" " tag="490"><subfield code="a">Jones And Bartlett Titles In Physics And Astronomy</subfield></datafield><datafield ind1=" " ind2="4" tag="650"><subfield code="a">Quantum Theory</subfield></datafield><datafield ind1="1" ind2=" " tag="700"><subfield code="a">Zajonc, Arthur G</subfield></datafield><datafield ind1=" " ind2=" " tag="852"><subfield code="a">82213</subfield><subfield code="c">530.14</subfield></datafield><datafield ind1=" " ind2=" " tag="CAT"><subfield code="a">Sys</subfield><subfield code="c">20110329</subfield><subfield code="h">145008</subfield></datafield></record></collection>